<record xmlns="http://www.loc.gov/MARC21/slim" xmlns:xsi="http://www.w3.org/2001/XMLSchema-instance" xsi:schemaLocation="http://www.loc.gov/MARC21/slim http://www.loc.gov/standards/marcxml/schema/MARC21slim.xsd"><leader>02844nam a2200481   4500</leader><controlfield tag="001">3074024</controlfield><controlfield tag="003">NNC</controlfield><controlfield tag="006">m        d        </controlfield><controlfield tag="007">cr cn |||m|||a</controlfield><controlfield tag="008">150110s1956    iq      ob    001 0 arard</controlfield><datafield ind1=" " ind2=" " tag="040"><subfield code="a">NNU</subfield><subfield code="b">eng</subfield><subfield code="e">rda</subfield><subfield code="c">NNU</subfield></datafield><datafield ind1=" " ind2=" " tag="043"><subfield code="a">a-iq---</subfield></datafield><datafield ind1=" " ind2="4" tag="050"><subfield code="a">PJ6161</subfield><subfield code="b">.I25 1956</subfield></datafield><datafield ind1="1" ind2=" " tag="100"><subfield code="6">880-01</subfield><subfield code="a">Ibn al-Athi&#772;r, D&#803;iya&#772;&#700; al-Di&#772;n Nas&#803;r Alla&#772;h ibn Muh&#803;ammad,</subfield><subfield code="d">1163-1239.</subfield></datafield><datafield ind1="1" ind2="0" tag="245"><subfield code="6">880-02</subfield><subfield code="a">Ja&#772;mi&#699; al-kabi&#772;r fi&#772; s&#803;ina&#772;&#699;at al-manz&#803;u&#772;m min al-kala&#772;m wa-al-manthu&#772;r /</subfield><subfield code="c">ta&#700; ; i&#772;f D&#803;iya&#772;&#700; al-Di&#772;n ibn al-Athi&#772;r al-Jazari&#772; ; qa&#772;ma bi-tah&#803;qi&#772;qihi wa-al-ta&#699;li&#772;q &#699;alayhi Mus&#803;t&#803;afa&#769; Jawa&#772;d wa-Jami&#772;l Sa&#699;i&#772;d.</subfield></datafield><datafield ind1=" " ind2=" " tag="260"><subfield code="6">880-03</subfield><subfield code="a">[Baghdad] :</subfield><subfield code="b">Mat&#803;ba&#699;at al-Majma&#699; al-&#699;Ilmi&#772; al-&#699;Ira&#772;qi&#772;],</subfield><subfield code="c">1956.</subfield></datafield><datafield ind1=" " ind2=" " tag="300"><subfield code="a">online resource (338 pages)</subfield></datafield><datafield ind1=" " ind2=" " tag="336"><subfield code="a">text</subfield><subfield code="2">rdacontent</subfield></datafield><datafield ind1=" " ind2=" " tag="337"><subfield code="a">computer</subfield><subfield code="2">rdamedia</subfield></datafield><datafield ind1=" " ind2=" " tag="338"><subfield code="a">online resource</subfield><subfield code="2">rdacarrier</subfield></datafield><datafield ind1="1" ind2=" " tag="490"><subfield code="6">880-04</subfield><subfield code="a">Mat&#803;bu&#772;&#699;a&#772;t al-Majma&#699; al-&#699;Ilmi&#772; al-&#699;Ira&#772;qi&#772;</subfield></datafield><datafield ind1=" " ind2=" " tag="500"><subfield code="a">Part of the Arabic Collections Online (ACO) project, contributed by Columbia University Libraries.</subfield></datafield><datafield ind1=" " ind2=" " tag="504"><subfield code="a">Includes bibliographical references and indexes.</subfield></datafield><datafield ind1=" " ind2=" " tag="533"><subfield code="a">Electronic reproduction.</subfield><subfield code="b">New York, N.Y. :</subfield><subfield code="c">New York University,</subfield><subfield code="d">2015.</subfield><subfield code="5">NNU</subfield></datafield><datafield ind1=" " ind2=" " tag="546"><subfield code="a">In Arabic characters.</subfield></datafield><datafield ind1=" " ind2="0" tag="650"><subfield code="a">Arabic language</subfield><subfield code="x">Rhetoric.</subfield></datafield><datafield ind1=" " ind2="7" tag="650"><subfield code="a">Arabic language</subfield><subfield code="x">Rhetoric.</subfield><subfield code="2">fast</subfield><subfield code="0">(OCoLC)fst00812415</subfield></datafield><datafield ind1="1" ind2=" " tag="700"><subfield code="6">880-05</subfield><subfield code="a">Jawa&#772;d, Mus&#803;t&#803;afa&#769;,</subfield><subfield code="d">1905-1969.</subfield></datafield><datafield ind1="1" ind2=" " tag="700"><subfield code="6">880-06</subfield><subfield code="a">Sa&#699;i&#772;d, Jami&#772;l,</subfield><subfield code="d">-1990.</subfield></datafield><datafield ind1="2" ind2=" " tag="710"><subfield code="a">Columbia University.</subfield><subfield code="b">Libraries.</subfield></datafield><datafield ind1="0" ind2=" " tag="730"><subfield code="a">Arabic Collections Online.</subfield></datafield><datafield ind1="0" ind2="8" tag="776"><subfield code="i">Print version:</subfield><subfield code="a">Ibn al-Athi&#772;r, D&#803;iya&#772;&#700; al-Di&#772;n Nas&#803;r Alla&#772;h ibn Muh&#803;ammad, 1163-1239.</subfield><subfield code="t">Ja&#772;mi&#699; al-kabi&#772;r fi&#772; s&#803;ina&#772;&#699;at al-manz&#803;u&#772;m min al-kala&#772;m wa-al-manthu&#772;r</subfield><subfield code="w">(NNC)3074024</subfield><subfield code="w">(DLC)   76970640 </subfield><subfield code="w">(OCoLC)21642357</subfield></datafield><datafield ind1=" " ind2="0" tag="830"><subfield code="6">880-07</subfield><subfield code="a">Mat&#803;bu&#772;&#699;a&#772;t al-Majma&#699; al-&#699;Ilmi&#772; al-&#699;Ira&#772;qi&#772;.</subfield></datafield><datafield ind1="4" ind2="0" tag="856"><subfield code="u">http://hdl.handle.net/2333.1/rbnzs9cr</subfield></datafield><datafield ind1="1" ind2=" " tag="880"><subfield code="6">100-01/r</subfield><subfield code="a">&#1575;&#1576;&#1606; &#1575;&#1604;&#1575;&#1579;&#1610;&#1585;&#1548; &#1590;&#1610;&#1575;&#1569; &#1575;&#1604;&#1583;&#1610;&#1606; &#1606;&#1589;&#1585; &#1575;&#1604;&#1604;&#1607; &#1576;&#1606; &#1605;&#1581;&#1605;&#1583;&#1548;,</subfield><subfield code="d">1163-1239.</subfield></datafield><datafield ind1="1" ind2="2" tag="880"><subfield code="6">245-02/r</subfield><subfield code="a">&#1575;&#1604;&#1580;&#1575;&#1605;&#1593; &#1575;&#1604;&#1603;&#1576;&#1610;&#1585; &#1601;&#1609; &#1589;&#1606;&#1575;&#1593;&#1577; &#1575;&#1604;&#1605;&#1606;&#1592;&#1608;&#1605; &#1605;&#1606; &#1575;&#1604;&#1603;&#1604;&#1575;&#1605; &#1608;&#1575;&#1604;&#1605;&#1606;&#1579;&#1608;&#1585; /</subfield><subfield code="c">&#1578;&#1571;&#1604;&#1610;&#1601; &#1590;&#1610;&#1575;&#1569; &#1575;&#1604;&#1583;&#1610;&#1606; &#1576;&#1606; &#1575;&#1604;&#1571;&#1579;&#1610;&#1585; &#1575;&#1604;&#1580;&#1586;&#1585;&#1609; &#1563; &#1602;&#1575;&#1605; &#1576;&#1578;&#1581;&#1602;&#1610;&#1602;&#1607; &#1608;&#1575;&#1604;&#1578;&#1593;&#1604;&#1610;&#1602; &#1593;&#1604;&#1610;&#1607; &#1605;&#1589;&#1591;&#1601;&#1609; &#1580;&#1608;&#1575;&#1583;&#1548; &#1608;&#1580;&#1605;&#1610;&#1604; &#1587;&#1593;&#1610;&#1583;.</subfield></datafield><datafield ind1=" " ind2=" " tag="880"><subfield code="6">260-03/r</subfield><subfield code="a">[&#1576;&#1594;&#1583;&#1575;&#1583;] :</subfield><subfield code="b">&#1605;&#1591;&#1576;&#1593;&#1577; &#1575;&#1604;&#1605;&#1580;&#1605;&#1593; &#1575;&#1604;&#1593;&#1604;&#1605;&#1609; &#1575;&#1604;&#1593;&#1585;&#1575;&#1602;&#1609;&#1548;</subfield><subfield code="c">&#1633;&#1641;&#1637;&#1638;.</subfield></datafield><datafield ind1="1" ind2=" " tag="880"><subfield code="6">490-04/r</subfield><subfield code="a">&#1605;&#1591;&#1576;&#1608;&#1593;&#1575;&#1578; &#1575;&#1604;&#1605;&#1580;&#1605;&#1593; &#1575;&#1604;&#1593;&#1604;&#1605;&#1609; &#1575;&#1604;&#1593;&#1585;&#1575;&#1602;&#1609;</subfield></datafield><datafield ind1="1" ind2=" " tag="880"><subfield code="6">700-05/r</subfield><subfield code="a">&#1580;&#1608;&#1575;&#1583;&#1548; &#1605;&#1589;&#1591;&#1601;&#1609;&#1548;,</subfield><subfield code="d">1905-1969.</subfield></datafield><datafield ind1="1" ind2=" " tag="880"><subfield code="6">700-06/r</subfield><subfield code="a">&#1587;&#1593;&#1610;&#1583;&#1548; &#1580;&#1605;&#1610;&#1604;.</subfield></datafield><datafield ind1=" " ind2="0" tag="880"><subfield code="6">830-07/r</subfield><subfield code="a">&#1605;&#1591;&#1576;&#1608;&#1593;&#1575;&#1578; &#1575;&#1604;&#1605;&#1580;&#1605;&#1593; &#1575;&#1604;&#1593;&#1604;&#1605;&#1610; &#1575;&#1604;&#1593;&#1585;&#1575;&#1602;&#1610;.</subfield></datafield><datafield ind1=" " ind2=" " tag="959"><subfield code="a">NNU</subfield><subfield code="b">WEB</subfield><subfield code="c">GENI</subfield><subfield code="t">0</subfield><subfield code="m">Electronic access</subfield><subfield code="s">01</subfield></datafield><datafield ind1=" " ind2=" " tag="999"><subfield code="i">NNC_3074024</subfield><subfield code="o">(OCoLC)ocm21642357 </subfield></datafield></record>